@misc{bundesbank_zero_coupon,
  title        = {Zero Coupon Yield Curve for Germany},
  author       = {{Deutsche Bundesbank}},
  year         = {2025},
  howpublished = {Statistische Datenbank (BBK01) SDMX REST API},
  note         = {Dataset code D.I.ZST.ZI.EUR.S1311.B.A604, accessed on 7 October 2025},
  url          = {https://www.bundesbank.de/en/statistics/interest-rates-and-yields/zero-coupon-yield-curve}
}

@misc{bundesbank_metadata,
  title        = {Zero Coupon Yield Curve Metadata and Residual Maturity Definitions},
  author       = {{Deutsche Bundesbank}},
  year         = {2025},
  howpublished = {Bundesbank Statistical Data Warehouse Documentation},
  note         = {Residual maturity codes R005X--R30XX, accessed on 7 October 2025},
  url          = {https://www.bundesbank.de/resource/blob/802072/41d6f0dfa6a1a989d63e0e3b57b7c0bd/mL/2025-zerobond-yield-curve-metadata-data.pdf}
}
